@article{
	article_name,
	author  = "",
	title   = "",
	journal = "",
	volume  = "",
	number  = "",
	pages   = "",
	year    = "",
	month   = "",
	note    = "",
}

@book{
	book_name,
	author    = "",
	title     = "",
	publisher = "",
	volume    = "",
	number    = "",
	series    = "",
	address   = "",
	edition   = "",
	year      = "",
	month     = "",
	note      = "",
}

@article{
	einstein,
	author  = "Albert Einstein",
	title   = "{Zur Elektrodynamik bewegter K{\"o}rper}. ({German}) [{On} the electrodynamics of moving bodies]",
	journal = "Annalen der Physik",
	volume  = "322",
	number  = "10",
	pages   = "891--921",
	year    = "1905",
	DOI     = "http://dx.doi.org/10.1002/andp.19053221004"
}

@misc{
	lipsum,
	howpublished =
	{
		\url
		{
			https://lipsum.com/
		}
	},
	title  = "Lorem Ipsum",
	author = "Cicero",
	year   = "1500",
	month  = "01",
	note   = {Accessed On YYYY-MM-DD}
}

@misc{
	placeholder,
	title = "Placeholder Image",
	author = "Jenny Beaumont",
	howpublished =
	{
		\url
		{
			jennybeaumont.com/post-placeholders/
		}
	},
	year      = "2015",
	month     = "March",
	note = {Accessed On 2020-Jun-27}
}

@misc{
	wiki_posix,
	title = "Wikipedia : POSIX",
	howpublished =
	{
		\url
		{
 https://www.wikiwand.com/en/POSIX
}
	},
	note = {Accessed: 2019-12-25}
}

@misc{
	linux_filesystem,
	title = "Linux Filesystem Explained",
	howpublished =
	{
		\url
		{
			https://www.linux.com/tutorials/linux-filesystem-explained
		}
	},
	note = {Accessed: 2019-12-25}
}

@misc{
	likegeeks_filesystem,
	title = "Likegeeks Filesystem",
	howpublished =
	{
		\url
		{
			 https://likegeeks.com/linux-file-system/
		}
	},
	note = {Accessed: 2019-12-25}
}

@misc{
	wiki_filesystem,
	title = "Wikipedia Filesystem",
	howpublished =
	{
		\url
		{
			https://www.wikiwand.com/en/File_system
		}
	},
	note = {Accessed: 2019-12-25}
}

@misc{
	linuxtopia,
	title = "Linuxtopia",
	howpublished =
	{
		\url
		{
			https://www.linuxtopia.org/LinuxSecurity/
		}
	},
	note = {Accessed: 2019-12-25}
}
