@article{
	article_name,
	author  = "",
	title   = "",
	journal = "",
	volume  = "",
	number  = "",
	pages   = "",
	year    = "",
	month   = "",
	note    = "",
}

@book{
	book_name,
	author    = "",
	title     = "",
	publisher = "",
	volume    = "",
	number    = "",
	series    = "",
	address   = "",
	edition   = "",
	year      = "",
	month     = "",
	note      = "",
}

@misc{
	website_name,
	title = "",
	howpublished =
	{
		\url
		{
			https://www.duckduckgo.com/
		}
	},
	note = {Accessed: YYYY-MM-DD}
}


@BOOK{EM,
	AUTHOR="Axel Hering and Magdalena Matussek and Michaela Perlmann-Balme",
	TITLE="EM , Ãœbungsgrammatik Deutsch als Fremdsprache",
	PUBLISHER="Goyal Publishers",
	YEAR="2010",
}

@misc{
	germanveryeasy,
	title = "German Very Easy",
	howpublished =
	{
		\url
		{ 
			https://www.germanveryeasy.com/
		}
	},
	note = {Last Accessed: 2019-03-21}
}

@misc{
	grammarmonster,
	title = "German for English Speakers",
	howpublished =
	{
		\url
		{
			http://germanforenglishspeakers.com/
		}
	},
	note = {Last Accessed: 2019-03-24}
}

@misc{
	deutschlingola,
	title = "Deutsch Lingola",
	howpublished =
	{
		\url
		{
			https://deutsch.lingolia.com/en/grammar/
		}
	},
	note = {Last Accessed: 2019-04-04}
}

@book{
	netzwerk_b1,
	author    = "Stefanie Dengler and Paul Rusch and Helen Schmitz and Tanja
		Sieber",
	title     = "Netzwerk : Deutsch als Fremdsprache , Kursbuch, B1",
	publisher = "Goyal Publishers \& Distributors Pvt. Ltd.",
	year      = "2015" 
}

@book{
	collins_german_grammar,
	author    = "",
	title     = "Collins German Grammar",
	publisher = "Goyal Publishers \& Distributors Pvt. Ltd.",
	edition   = "Third Edition",
	year      = "2011",
}
